@article{Barnich1998,
	title        = {The sh Lie Structure of Poisson Brackets in Field Theory},
	author       = {Barnich, Glenn and Fulp, R. and Lada, Tom and Stasheff, Jim},
	year         = 1998,
	month        = {feb},
	journal      = {Communications in Mathematical Physics},
	volume       = 191,
	number       = 3,
	pages        = {585--601},
	doi          = {10.1007/s002200050278},
	issn         = {0010-3616},
	url          = {http://www.springerlink.com/content/ut90k4haydhem17n/ http://link.springer.com/10.1007/s002200050278 https://arxiv.org/pdf/hep-th/9702176.pdf},
	archiveprefix = {arXiv},
	arxivid      = {hep-th/9702176},
	eprint       = 9702176,
	keywords     = {Physics and Astronomy},
	primaryclass = {hep-th}
}
@article{Callies2016,
	title        = {Homotopy moment maps},
	author       = {Callies, Martin and Fr{\'{e}}gier, Ya{\"{e}}l and Rogers, Christopher L. and Zambon, Marco},
	year         = 2016,
	month        = {nov},
	journal      = {Adv. Math. (N. Y).},
	volume       = 303,
	pages        = {954--1043},
	doi          = {10.1016/j.aim.2016.08.012},
	issn         = {00018708},
	url          = {http://arxiv.org/abs/1304.2051 https://linkinghub.elsevier.com/retrieve/pii/S0001870816310192},
	archiveprefix = {arXiv},
	arxivid      = {1304.2051},
	eprint       = {1304.2051},
	keywords     = {Equivariant cohomology,LETTO,Moment map,Multisymplectic geometry,STAMPATO,Strong homotopy Lie algebra}
}
@article{Cantrun2017,
	title        = {On the geometry of multisymplectic manifolds},
	author       = {Cantrijn, F. and Ibort, Alberto and {De Le{\'{o}}n}, M.},
	year         = 1999,
	month        = {jun},
	journal      = {Journal of the Australian Mathematical Society},
	volume       = 66,
	number       = 3,
	pages        = {303--330},
	doi          = {10.1017/s1446788700036636},
	isbn         = 1446788700036,
	issn         = 14467887,
	url          = {https://www.cambridge.org/core/services/aop-cambridge-core/content/view/S1446788700036636 https://www.cambridge.org/core/product/identifier/S1446788700036636/type/journal{\%5F}article},
	keywords     = {58Axx,primary 53C15}
}
@article{Carinena1991b,
	title        = {On the multisymplectic formalism for first order field theories},
	author       = {Cari{\~{n}}ena, J. F. and Crampin, M. and Ibort, L. A.},
	year         = 1991,
	journal      = {Differential Geometry and its Applications},
	volume       = 1,
	number       = 4,
	pages        = {345--374},
	doi          = {10.1016/0926-2245(91)90013-y},
	issn         = {09262245},
	keywords     = {Multisymplectic structure,first order field theory,gauge transformation,jet bundle,multimomentum map}
}
@article{Fregier2015,
	title        = {A cohomological framework for homotopy moment maps},
	author       = {Fr{\'{e}}gier, Ya{\"{e}}l and Laurent-Gengoux, Camille and Zambon, Marco},
	year         = 2015,
	month        = {sep},
	journal      = {J. Geom. Phys.},
	volume       = 97,
	pages        = {119--132},
	doi          = {10.1016/j.geomphys.2015.07.010},
	issn         = {03930440},
	url          = {https://arxiv.org/pdf/1409.3142.pdf http://arxiv.org/abs/1409.3142 http://dx.doi.org/10.1016/j.geomphys.2015.07.010},
	archiveprefix = {arXiv},
	arxivid      = {1409.3142},
	eprint       = {1409.3142},
	keywords     = {Homotopy moment maps,Lie algebras up to homotopy,N-plectic geometry},
}
@article{Gimmsy1,
	title        = {Momentum Maps and Classical Relativistic Fields. Part I: Covariant Field Theory},
	author       = {Gotay, Mark J. and Isenberg, James and Marsden, Jerrold E. and Montgomery, Richard},
	year         = 1997,
	month        = {jan},
	url          = {https://arxiv.org/abs/physics/9801019 http://arxiv.org/abs/physics/9801019},
	archiveprefix = {arXiv},
	arxivid      = {physics/9801019},
	eprint       = 9801019,
	primaryclass = {physics}
}
@book{Kijowski1979,
	title        = {A Symplectic Framework for Field Theories},
	author       = {Kijowski, Jerzy and Tulczyjew, Wlodzimierz M},
	year         = 1979,
	booktitle    = {A Symplectic Framework for Field Theories},
	publisher    = {Springer Berlin Heidelberg},
	address      = {Berlin, Heidelberg},
	series       = {Lecture Notes in Physics},
	volume       = 107,
	doi          = {10.1007/3-540-09538-1},
	isbn         = {978-3-540-09538-5},
	issn         = {0004-6337},
	url          = {http://link.springer.com/10.1007/3-540-09538-1},
	editor       = {Kijowski, Jerzy and Tulczyjew, Wlodzimierz M.}
}
@article{Lada1993,
	title        = {Introduction to SH Lie algebras for physicists},
	author       = {Lada, Tom and Stasheff, Jim},
	year         = 1993,
	month        = {jul},
	journal      = {Int. J. Theor. Phys.},
	volume       = 32,
	number       = 7,
	pages        = {1087--1103},
	doi          = {10.1007/bf00671791},
	isbn         = {0700108750},
	issn         = {0020-7748},
	url          = {http://link.springer.com/10.1007/BF00671791 http://arxiv.org/abs/hep-th/9209099 http://dx.doi.org/10.1007/BF00671791},
	archiveprefix = {arXiv},
	arxivid      = {hep-th/9209099},
	eprint       = 9209099,
	primaryclass = {hep-th}
}
@article{Miti2018,
	title        = {On some (multi)symplectic aspects of link invariants},
	author       = {Miti, Antonio Michele and Spera, Mauro},
	year         = 2018,
	month        = {may},
	journal      = {arXiv:1805.01696},
	url          = {http://arxiv.org/abs/1805.01696},
	archiveprefix = {arXiv},
	arxivid      = {1805.01696},
	eprint       = {1805.01696}
}
@article{Miti2019,
	title        = {Multisymplectic actions of compact Lie groups on spheres},
	author       = {Miti, Antonio Michele and Ryvkin, Leonid},
	year         = 2019,
	month        = {jun},
	journal      = {(To appear in Journal of Symplectic Geometry), arXiv:1906.08790},
	url          = {http://arxiv.org/abs/1906.08790},
	archiveprefix = {arXiv},
	arxivid      = {1906.08790},
	eprint       = {1906.08790}
}
@unpublished{Miti2021,
	title        = {Observables of multisymplectic manifolds and higher {Courant} algebroids},
	author       = {Miti, Antonio Michele and Zambon, Marco},
	year         = 2021,
	month        = {(expected) Apr},
	journal      = {(Work in Progress)}
}
@phdthesis{Miti2021b,
	title        = {Homotopy comomentum maps in multisymplectic geometry},
	author       = {Miti, Antonio Michele},
	year         = 2021,
	month        = {April},
	url          = {https://tesionline.unicatt.it/handle/10280/94031},
	school       = {Universit{\`{a}} Cattolica del Sacro Cuore {\&} KU Leuven},
	type         = {Doctoral thesis},
	howpublished = {\href{https://tesionline.unicatt.it/handle/10280/94031}{https://limo.libis.be/primo-explore/fulldisplay?docid=LIRIAS3408626\&context=L\&vid=Lirias\&search\_scope=Lirias\&tab=default\_tab\&lang=en\_US\&fromSitemap=1}}
}
@article{Ritter2015,
	title        = {Automorphisms of Strong Homotopy Lie Algebras of Local Observables},
	author       = {Ritter, Patricia and Saemann, Christian},
	year         = 2015,
	month        = {jul},
	url          = {http://arxiv.org/abs/1507.00972},
	archiveprefix = {arXiv},
	arxivid      = {1507.00972},
	eprint       = {1507.00972},
	keywords     = {Stampato}
}
@article{Rogers2010,
	title        = {$L_\infty$-Algebras from Multisymplectic Geometry},
	author       = {Rogers, Christopher L.},
	year         = 2012,
	month        = {apr},
	journal      = {Letters in Mathematical Physics},
	volume       = 100,
	number       = 1,
	pages        = {29--50},
	doi          = {10.1007/s11005-011-0493-x},
	issn         = {0377-9017},
	url          = {https://arxiv.org/pdf/1005.2230.pdf http://dx.doi.org/10.1007/s11005-011-0493-x http://link.springer.com/10.1007/s11005-011-0493-x},
	archiveprefix = {arXiv},
	arxivid      = {1005.2230},
	eprint       = {1005.2230},
	keywords     = {,classical field theory,multisymplectic geometry,strongly homotopy Lie algebras}
}
@article{Ryvkin2015,
	title        = {Existence and unicity of co-moments in multisymplectic geometry},
	author       = {Ryvkin, Leonid and Wurzbacher, Tilmann},
	year         = 2015,
	month        = {aug},
	journal      = {Differ. Geom. its Appl.},
	publisher    = {North-Holland},
	volume       = 41,
	pages        = {1--11},
	doi          = {10.1016/j.difgeo.2015.04.001},
	issn         = {09262245},
	url          = {https://www.sciencedirect.com/science/article/pii/S0926224515000534?via{\%}3Dihub https://www.sciencedirect.com/science/article/pii/S0926224515000534 https://linkinghub.elsevier.com/retrieve/pii/S0926224515000534},
	archiveprefix = {arXiv},
	arxivid      = {arXiv:1411.2287v1},
	eprint       = {arXiv:1411.2287v1},
	keywords     = {Homotopy co-moment,Lie-infinity algebra,Multisymplectic geometry},
}
@article{Ryvkin2016,
	title        = {Conserved quantities on multisymplectic manifolds},
	author       = {Ryvkin, Leonid and Wurzbacher, Tilmann and Zambon, Marco},
	year         = 2018,
	month        = {dec},
	journal      = {J. Aust. Math. Soc.},
	pages        = {1--25},
	doi          = {10.1017/s1446788718000381},
	issn         = {1446-7887},
	url          = {https://doi.org/10.1017/S1446788718000381 https://www.cambridge.org/core/product/identifier/S1446788718000381/type/journal{\%5F}article},
	keywords     = {conservation laws,homotopy co-momentum map,multisymplectic manifolds}
}
@article{Zambon2012,
	title        = {L-infinity algebras and higher analogues of Dirac structures and Courant algebroids},
	author       = {Zambon, Marco},
	year         = 2010,
	month        = {mar},
	journal      = {Journal of Symplectic Geometry},
	volume       = 10,
	number       = 4,
	pages        = {563--599},
	doi          = {10.4310/JSG.2012.v10.n4.a4},
	issn         = 15275256,
	url          = {http://arxiv.org/abs/1003.1004 http://www.intlpress.com/site/pub/pages/journals/items/jsg/content/vols/0010/0004/a004/},
	archiveprefix = {arXiv},
	arxivid      = {1003.1004},
	eprint       = {1003.1004},
	keywords     = {KiddoProblem,STAMPATO}
}
@article{Blacker2020,
	title        = {{Reduction of multisymplectic manifolds}},
	author       = {Blacker, Casey},
	year         = 2021,
	month        = {jun},
	journal      = {Lett. Math. Phys.},
	publisher    = {Springer Netherlands},
	volume       = 111,
	number       = 3,
	pages        = 64,
	doi          = {10.1007/s11005-021-01408-y},
	isbn         = {0123456789},
	issn         = {0377-9017},
	url          = {https://doi.org/10.1007/s11005-021-01408-y https://link.springer.com/10.1007/s11005-021-01408-y},
	archiveprefix = {arXiv},
	arxivid      = {2002.10062},
	eprint       = {2002.10062},
	keywords     = {Duistermaat–Heckman theorems,Moment maps,Multisymplectic geometry}
}
@article{Blacker2022,
	title        = {{Reduction of $L_\infty$-algebras of observables on multisymplectic manifolds}},
	author       = {Blacker, Casey and Miti, Antonio Michele and Ryvkin, Leonid},
	year         = 2022,
	month        = {jun},
	url          = {http://arxiv.org/abs/2206.03137},
	archiveprefix = {arXiv},
	arxivid      = {2206.03137},
	eprint       = {2206.03137}
}
@article{Dehling2017,
	title        = {{On weak Lie 3-algebras}},
	author       = {Dehling, Malte},
	year         = 2017,
	month        = oct,
	journal      = {arXiv:1710.11104},
	url          = {http://arxiv.org/abs/1710.11104},
	archiveprefix = {arXiv},
	arxivid      = {1710.11104},
	eprint       = {1710.11104}
}
@article{Lavau2020,
	title        = {{$L_\infty$-algebra extensions of Leibniz algebras}},
	author       = {Lavau, Sylvain and Stasheff, Jim},
	year         = 2020,
	month        = mar,
	journal      = {arXiv:2003.07838},
	url          = {http://arxiv.org/abs/2003.07838},
	archiveprefix = {arXiv},
	arxivid      = {2003.07838},
	eprint       = {2003.07838}
}