@article{Miti2019,
author = {Miti, Antonio Michele and Ryvkin, Leonid},
journal = {Preprint arXiv:1906.08790 (submitted to "Journal of Symplectic geometry")},
month = {jun},
title = {{Multisymplectic actions of compact Lie groups on spheres}},
url = {http://arxiv.org/abs/1906.08790},
year = {2019}
}
@article{Miti2018,
author = {Miti, Antonio Michele and Spera, Mauro},
journal = {Preprint arXiv:1805.01696 (submitted to "Journal of knots theory and ramifications")},
month = {may},
title = {{On some (multi)symplectic aspects of link invariants}},
url = {http://arxiv.org/abs/1805.01696},
year = {2018}
}

